@BOOK{Hennessy:2011,
   author     = {Patterson, David  and Hennessy, John L.},
   title     = {{Computer Architecture - A Quantitative Approach}},
   month     = {September},
   year       = {2011}
}

@MISC{React,
   title     = {{P치gina oficial de React}},
   note      = {\url{https://facebook.github.io/react/}}
}

@MISC{Webpack,
   title     = {{webpack module bundler}},
   note      = {\url{https://webpack.github.io/}}
}

@MISC{Gulp,
   title     = {{gulpjs}},
   note      = {\url{http://gulpjs.com/}} 
}

@MISC{Grunt,
   title     = {{Grunt The Javascript Runner}},
   note      = {\url{https://gruntjs.com/}}
}

@MISC{Dart,
   title     = {{Dart}},
   note      = {\url{https://www.dartlang.org/}}
}

@MISC{Coffescript,
   title     = {{Coffescript}},
   note      = {\url{http://coffeescript.org/}}
}

@MISC{Polymer,
   title     = {{Polymer}},
   note      = {\url{https://www.polymer-project.org/}}
}

@MISC{Polyfill,
   title     = {{Polyfill - Wikipedia}},
   note      = {\url{https://en.wikipedia.org/wiki/Polyfill}}
}

@MISC{Webcomponents,
   title     = {{Web Components}},
   note      = {\url{https://www.webcomponents.org/}}
}

@MISC{Typescript,
   title     = {{Typescript - Javascript that Scales}},
   note      = {\url{https://www.typescriptlang.org/}}
}

@PHDTHESIS{SIMDE,
   author = {Castilla Rodriguez, Iv치n},
   title = {Simulador did치ctico de arquitectura de computadores},
   school = {Universidad de La Laguna},
   year = 2004
   }

@MISC{ReactUsers,
   title     = {{Sitios que utilizan React}},
   note      = {\url{https://github.com/facebook/react/wiki/sites-using-react}}
}

@MISC{ReactStyleGuide,
   title     = {{React's Style Guide}},
   note      = {\url{https://github.com/airbnb/javascript/tree/master/react}}
}

@MISC{CoffescriptWiki,
   title     = {{P치gina oficial de React}},
   note      = {https://facebook.github.io/react/}
}

@MISC{SESC,
   title     = {{SESC: SuperESCalar Simulator}},
   note      = {\url{http://iacoma.cs.uiuc.edu/~paulsack/sescdoc/}}
}

@MISC{ReSIM,
   title     = {{ReSim, a Trace-Driven, Reconfigurable ILP Processor Simulator }},
   note      = {\url{https://infoscience.epfl.ch/record/138644/files/resim_date09.pdf}}
}

@MISC{SATSim,
   title     = {{SATSim:  A Superscalar Architecture Trace Simulator
Using Interactive Animation}},
   note      = {\url{https://www.ncsu.edu/wcae/ISCA2000/submissions/wolff.pdf}}
}

@MISC{VLIWDLX,
   title     = {{VLIW-DLX Simulator for Educational Purposes}},
   note      = {\url{https://www.ncsu.edu/wcae/ISCA2007/p8-becvar.pdf}}
}

@MISC{EvolutionJavascript,
   title     = {{Javascript Perfomance Evolution}},
   note      = {\url{https://en.wikipedia.org/wiki/JavaScript_engine#Performance_evolution}}
}

@MISC{Hexo,
   title     = {{Hexo - A fast, simple and porwerful blog framework}},
   note      = {\url{https://hexo.io/}}
}

@MISC{GeneradoresEstaticos,
   title     = {{An Introduction to Static Site Generators}},
   note      = {\url{https://davidwalsh.name/introduction-static-site-generators}}
}